@inbook{RN42,
   author = "Ahn, Jon and Lee, Kyungtae",
   title = "Performance Prediction and Design of a Ducted Fan System",
   booktitle = "40th AIAA/ASME/SAE/ASEE Joint Propulsion Conference and Exhibit",
   series = "Joint Propulsion Conferences",
   publisher = "American Institute of Aeronautics and Astronautics",
   doi = "10.2514/6.2004-4196",
   year = "2004",
   type = "Book Section"
}

@inbook{RN39,
   author = "Johnson, Eric and Turbe, Michael",
   title = "Modeling, Control, and Flight Testing of a Small Ducted Fan Aircraft",
   booktitle = "AIAA Guidance, Navigation, and Control Conference and Exhibit",
   series = "Guidance, Navigation, and Control and Co-located Conferences",
   publisher = "American Institute of Aeronautics and Astronautics",
   doi = "10.2514/6.2005-6281",
   year = "2005",
   type = "Book Section"
}

@article{RN40,
   author = "Ohanian, Osgar John and Gelhausen, Paul A. and Inman, Daniel J.",
   title = "Nondimensional Modeling of Ducted-Fan Aerodynamics",
   journal = "Journal of Aircraft",
   volume = "49",
   number = "1",
   pages = "126-140",
   doi = "10.2514/1.C031389",
   year = "2012",
   type = "Journal Article"
}

@inproceedings{RN35,
   author = "Manouchehri, A. and Hajkarami, H. and Ahmadi, M. S.",
   title = "Hovering control of a ducted fan VTOL Unmanned Aerial Vehicle (UAV) based on PID control",
   booktitle = "2011 International Conference on Electrical and Control Engineering",
   pages = "5962-5965",
   ISBN = "null",
   doi = "10.1109/ICECENG.2011.6057155",
   type = "Conference Proceedings"
}

@article{RN45,
   author = "Peddle, I. K. and Jones, T. and Treurnicht, J.",
   title = "Practical near hover flight control of a ducted fan (SLADe)",
   journal = "Control Engineering Practice",
   volume = "17",
   number = "1",
   pages = "48-58",
   ISSN = "0967-0661",
   doi = "10.1016/j.conengprac.2008.05.004",
   year = "2009",
   type = "Journal Article"
}

@article{RN22,
   author = "Roberts, A. and Tayebi, A.",
   title = "Adaptive Position Tracking of VTOL UAVs",
   journal = "IEEE Transactions on Robotics",
   volume = "27",
   number = "1",
   pages = "129-142",
   ISSN = "1941-0468",
   doi = "10.1109/TRO.2010.2092870",
   year = "2011",
   type = "Journal Article"
}

@article{RN18,
   author = "Sheng, S. Z. and Sun, C. W.",
   title = "A Near-Hover Adaptive Attitude Control Strategy of a Ducted Fan Micro Aerial Vehicle with Actuator Dynamics",
   journal = "Applied Sciences-Basel",
   volume = "5",
   number = "4",
   pages = "666-681",
   doi = "10.3390/app5040666",
   year = "2015",
   type = "Journal Article"
}

@article{RN50,
   author = "Zhao, H. and Sheng, S. Z. and Li, J. B. and Sun, C. W.",
   title = "Modelling and attitude control of a miniature ducted fan UAV",
   journal = "Proceedings of the Institution of Mechanical Engineers Part G-Journal of Aerospace Engineering",
   volume = "230",
   number = "5",
   pages = "953-964",
   ISSN = "0954-4100",
   doi = "10.1177/0954410015602029",
   year = "2016",
   type = "Journal Article"
}

@article{RN193,
   author = "Bacon, B. J. and Ostroff, A. J. and Joshi, S. M.",
   title = "Reconfigurable NDI controller using inertial sensor failure detection \& isolation",
   journal = "Ieee Transactions on Aerospace and Electronic Systems",
   volume = "37",
   number = "4",
   pages = "1373-1383",
   ISSN = "0018-9251",
   doi = "10.1109/7.976972",
   year = "2001",
   type = "Journal Article"
}

@inbook{RN192,
   author = "Ostroff, A. J. and Bacon, B. J. and Acc, A. C. C.",
   title = "Enhanced NDI strategies for reconfigurable flight control",
   booktitle = "Proceedings of the 2002 American Control Conference, Vols 1-6",
   series = "Proceedings of the American Control Conference",
   volume = "1-6",
   pages = "3631-3636",
   ISBN = "0-7803-7298-0",
   doi = "10.1109/ACC.2002.1024492",
   year = "2002",
   type = "Book Section"
}

@article{RN166,
   author = "Smeur, Ewoud J. J. and Chu, Qiping and de Croon, Guido C. H. E.",
   title = "Adaptive Incremental Nonlinear Dynamic Inversion for Attitude Control of Micro Air Vehicles",
   journal = "Journal of Guidance Control and Dynamics",
   volume = "39",
   number = "3",
   pages = "450-461",
   ISSN = "0731-5090",
   doi = "10.2514/1.G001490",
   year = "2016",
   type = "Journal Article"
}

@article{RN172,
   author = "Smeur, E. J. J. and de Croon, G. C. H. E. and Chu, Q.",
   title = "Cascaded incremental nonlinear dynamic inversion for MAV disturbance rejection",
   journal = "Control Engineering Practice",
   volume = "73",
   pages = "79-90",
   ISSN = "0967-0661",
   doi = "10.1016/j.conengprac.2018.01.003",
   year = "2018",
   type = "Journal Article"
}

@article{RN190,
   author = "Liu, Z. C. and Guo, J. and Li, M. T. and Tang, S. J. and Wang, X.",
   title = "VTOL UAV Transition Maneuver Using Incremental Nonlinear Dynamic Inversion",
   journal = "International Journal of Aerospace Engineering",
   volume = "2018",
   pages = "19",
   ISSN = "1687-5966",
   doi = "10.1155/2018/6315856",
   year = "2018",
   type = "Journal Article"
}

@book{RN191,
   author = "Yunjie, Yang and Jihong, Zhu and Jiali, Yang",
   title = "INDI-based transitional flight control and stability analysis of a tail-sitter UAV",
   series = "2020 IEEE International Conference on Systems, Man, and Cybernetics",
   pages = "1420-6",
   ISBN = "978-1-7281-8526-2",
   doi = "10.1109/smc42975.2020.9283378",
   year = "2020",
   type = "Book"
}

@inbook{RN194,
   author = "Acquatella, Paul and Falkena, Wouter and van Kampen, Erik-Jan and Chu, Q. Ping",
   title = "Robust Nonlinear Spacecraft Attitude Control using Incremental Nonlinear Dynamic Inversion",
   booktitle = "AIAA Guidance, Navigation, and Control Conference",
   series = "Guidance, Navigation, and Control and Co-located Conferences",
   publisher = "American Institute of Aeronautics and Astronautics",
   doi = "10.2514/6.2012-4623",
   year = "2012",
   type = "Book Section"
}

@article{RN195,
   author = "Lu, P. and van Kampen, E. J. and de Visser, C. and Chu, Q. P.",
   title = "Aircraft fault-tolerant trajectory control using Incremental Nonlinear Dynamic Inversion",
   journal = "Control Engineering Practice",
   volume = "57",
   pages = "126-141",
   ISSN = "0967-0661",
   doi = "10.1016/j.conengprac.2016.09.010",
   year = "2016",
   type = "Journal Article"
}

@inbook{RN36,
   author = "Graf, Will and Fleming, Jonathan and Ng, Wing",
   title = "Improving Ducted Fan UAV Aerodynamics in Forward Flight",
   booktitle = "46th AIAA Aerospace Sciences Meeting and Exhibit",
   series = "Aerospace Sciences Meetings",
   publisher = "American Institute of Aeronautics and Astronautics",
   doi = "10.2514/6.2008-430",
   year = "2008",
   type = "Book Section"
}

@article{18,
  title = "Hover and Wind-Tunnel Testing of Shrouded Rotors for Improved Micro Air Vehicle Design",
  author = "Pereira, J. L.",
  journal = "Dissertations \& Theses Gradworks",
  doi = "http://hdl.handle.net/1903/8752",
  year = "2008"
}

@article{RN19,
   author = "Naldi, R. and Marconi, L.",
   title = "A Prototype of Ducted-Fan Aerial Robot with Redundant Control Surfaces",
   journal = "Journal of Intelligent \& Robotic Systems",
   volume = "76",
   number = "1",
   pages = "137-150",
   ISSN = "0921-0296",
   doi = "10.1007/s10846-013-0001-x",
   year = "2014",
   type = "Journal Article"
}

@article{RN44,
   author = "Pflimlin, J. M. and Soueres, P. and Hamel, T.",
   title = "Position control of a ducted fan VTOL UAV in crosswind",
   journal = "International Journal of Control",
   volume = "80",
   number = "5",
   pages = "666-683",
   ISSN = "0020-7179",
   doi = "10.1080/00207170601045034",
   year = "2007",
   type = "Journal Article"
}

@book{Durham_2017,
  ids = "durhamAircraftControlAllocation2017",
  title = "Aircraft Control Allocation",
  author = "Durham, Wayne and Bordignon, Kenneth A. and Beck, Roger",
  year = "2017",
  publisher = {{John Wiley \& Sons}},
  doi = "10.1002/9781118827789",
  isbn = "1-118-82779-1"
}

@article{RN203,
   author = "Johansen, T. A. and Fossen, T. I.",
   title = "Control allocation A-survey",
   journal = "Automatica",
   volume = "49",
   number = "5",
   pages = "1087-1103",
   ISSN = "0005-1098",
   doi = "10.1016/j.automatica.2013.01.035",
   year = "2013",
   type = "Journal Article"
}

@article{RN180,
   author = "Wang, X. R. and van Kampen, E. J. and Chu, Q. P. and Lu, P.",
   title = "Stability Analysis for Incremental Nonlinear Dynamic Inversion Control",
   journal = "Journal of Guidance Control and Dynamics",
   volume = "42",
   number = "5",
   pages = "1116-1129",
   ISSN = "0731-5090",
   doi = "10.2514/1.G003791",
   year = "2019",
   type = "Journal Article"
}

@article{RN108,
   author = {Zhang, T. and Barakos, G. N.},
   title = {Review on ducted fans for compound rotorcraft},
   journal = {The Aeronautical Journal},
   pages = {1-34},
   ISSN = {0001-9240},
   DOI = {10.1017/aer.2019.164},
   url = {https://www.cambridge.org/core/article/review-on-ducted-fans-for-compound-rotorcraft/E119FC34FFA3BACE2D4C5E429FBF8012},
   year = {2020},
   type = {Journal Article}
}

@article{RN208,
   author = {Tal, E. and Karaman, S.},
   title = {Accurate Tracking of Aggressive Quadrotor Trajectories Using Incremental Nonlinear Dynamic Inversion and Differential Flatness},
   journal = {Ieee Transactions on Control Systems Technology},
   volume = {29},
   number = {3},
   pages = {1203-1218},
   ISSN = {1063-6536},
   DOI = {10.1109/tcst.2020.3001117},
   url = {<Go to ISI>://WOS:000640767400021},
   year = {2021},
   type = {Journal Article}
}

@article{RN210,
   author = {Wang, X. R. and Sun, S. H. and van Kampen, E. J. and Chu, Q. P.},
   title = {Quadrotor Fault Tolerant Incremental Sliding Mode Control driven by Sliding Mode Disturbance Observers},
   journal = {Aerospace Science and Technology},
   volume = {87},
   pages = {417-430},
   ISSN = {1270-9638},
   DOI = {10.1016/j.ast.2019.03.001},
   url = {<Go to ISI>://WOS:000463689000036},
   year = {2019},
   type = {Journal Article}
}


