
@online{_,
  title = {Alwintsui - {{Overview}}},
  url = {https://github.com/alwintsui},
  langid = {english},
  organization = {{GitHub}}
}

@online{_a,
  title = {Yecfly - {{Overview}}},
  url = {https://github.com/yecfly},
  langid = {english},
  organization = {{GitHub}}
}

@online{_c,
  title = {一份其实很短的 LaTeX 入门文档},
  url = {https://liam.page/2014/09/08/latex-introduction/index.html},
  langid = {zh-CN},
  organization = {{始终}}
}

@online{_d,
  title = {莲枝专栏--关于 Hyperref 的二三事 - {{LaTeX科技排版工作室}}},
  url = {https://www.latexstudio.net/archives/4800.html},
}

@online{_e,
  title = {[转载]{{LaTeX技巧心得246}}：latex目录标题常用宏包说明与示例\_天外天\_新浪博客},
  url = {http://blog.sina.com.cn/s/blog_46e9834e0100hzio.html},
}

@online{_f,
  title = {Piloted {{Evaluation}} of a {{Control Allocation Technique}} to {{Recover}} from {{Pilot-Induced Oscillations}} | {{Journal}} of {{Aircraft}}},
  url = {https://arc.aiaa.org/doi/abs/10.2514/1.C032576},
}

@online{_g,
  title = {{{CTAN}}: {{Package}} Lshort-Zh-Cn},
  url = {https://ctan.org/pkg/lshort-zh-cn},
}

@online{_h,
  title = {Mathpix {{Snip}}},
  url = {https://mathpix.com/},
}

@online{_i,
  title = {Overleaf, 在线LaTeX编辑器},
  url = {https://www.overleaf.com},
  langid = {zh-CN}
}

@online{_j,
  title = {Overleaf, {{在线LaTeX编辑器}}},
  url = {https://cn.overleaf.com/},
}

@online{_k,
  title = {Struggle\_with\_me的个人空间 - 哔哩哔哩 ( ゜- ゜)つロ 乾杯\textasciitilde{} {{Bilibili}}},
  url = {https://space.bilibili.com/452736484?from=search&seid=12208069428001748893},
}

@online{_l,
  title = {{{xeCJK宏包指南}}~- 百度文库},
  url = {https://wenku.baidu.com/view/0b3e53abdd3383c4bb4cd267.html},
}

@online{_m,
  title = {Zotero | {{Downloads}}},
  url = {https://www.zotero.org/download/},
}

@online{_n,
  title = {The Grand Challenges of {{Science Robotics}}},
  url = {https://www.science.org/doi/10.1126/scirobotics.aar7650},
  urldate = {2021-09-28}
}

@online{_o,
  title = {Optimization Based Non-Linear Observers Revisited: {{International Journal}} of {{Control}}: {{Vol}} 72, {{No}} 13},
  url = {https://www.tandfonline.com/doi/abs/10.1080/002071799220353},
  urldate = {2021-11-09}
}

@online{_p,
  title = {Robust Adaptive Fault-Tolerant Control of a Tandem Coaxial Ducted Fan Aircraft with Actuator Saturation - {{ScienceDirect}}},
  url = {https://www.sciencedirect.com/science/article/pii/S1000936118301109},
  urldate = {2021-11-23}
}

@online{_q,
  title = {Autonomous Aerial Navigation Using Monocular Visual‐inertial Fusion - {{Lin}} - 2018 - {{Journal}} of {{Field Robotics}} - {{Wiley Online Library}}},
  url = {https://onlinelibrary.wiley.com/doi/abs/10.1002/rob.21732},
  urldate = {2021-12-27}
}

@online{_r,
  title = {柔性铰链的有限元法设计与分析 - 中国知网},
  url = {https://chn.oversea.cnki.net/KCMS/detail/detail.aspx?dbcode=CJFD&dbname=CJFD2010&filename=ZGGA201002007&uniplatform=OVERSEAS_CHS&v=cCIrH3YndD0qfUeFFVM9ggfv05mV9UYhQxqnSfasgJvnVIwI9t0EYM2ZQh0UbWbF},
  urldate = {2021-11-29}
}

@online{_t,
  title = {Real-Time Motion Planning with a Fixed-Wing {{UAV}} Using an Agile Maneuver Space | {{SpringerLink}}},
  url = {https://link.springer.com/article/10.1007/s10514-019-09863-2},
  urldate = {2021-12-10}
}

@article{10.1115/1.4033631,
  title = {On Relationship between Time-Domain and Frequency-Domain Disturbance Observers and Its Applications},
  author = {Su, Jinya and Chen, Wen-Hua and Yang, Jun},
  date = {2016-06},
  journaltitle = {Journal of Dynamic Systems, Measurement, and Control},
  volume = {138},
  number = {9},
  eprint = {https://asmedigitalcollection.asme.org/dynamicsystems/article-pdf/138/9/091013/6123067/ds\\_138\\_09\\_091013.pdf},
  issn = {0022-0434},
  url = {https://doi.org/10.1115/1.4033631}
}

@article{1985Structural,
  title = {Structural Properties and Limit Behaviour of Linear Stochastic Systems in {{Hilbert}} Spaces},
  author = {Zabczyk, J.},
  date = {1985},
  journaltitle = {Math Control Theory Banach Center Publ},
  volume = {14},
  number = {1},
  pages = {591--609}
}

@inproceedings{10.1007/978-981-15-8155-7_462,
  title = {Dynamic Control Allocation for a Twin Ducted Fan {{UAV}}},
  booktitle = {Advances in Guidance, Navigation and Control},
  author = {Meng, Chaoheng and Pei, Hailong and Cheng, Zihuan},
  editor = {Yan, Liang and Duan, Haibin and Yu, Xiang},
  date = {2022},
  pages = {5571--5584},
  publisher = {{Springer Singapore}},
  location = {{Singapore}},
  isbn = {978-981-15-8155-7}
}

@inproceedings{10.1145/3352593.3352629,
  title = {Flatness-Based Model Predictive Control of Six Degree of Freedom Fixed-Wing {{UAV}}},
  booktitle = {Proceedings of the {{Advances}} in {{Robotics}} 2019},
  author = {Sandeepkumar, R. and Mohan, Ranjith},
  date = {2019},
  series = {{{AIR}} 2019},
  publisher = {{Association for Computing Machinery}},
  location = {{New York, NY, USA}},
  url = {https://doi.org/10.1145/3352593.3352629},
  articleno = {35},
  isbn = {978-1-4503-6650-2},
  pagetotal = {6}
}

@misc{beyer2021multimodal,
  title = {Multi-Modal Motion Planning Using Composite Pose Graph Optimization},
  author = {Beyer, L. Lao and Balabanska, N. and Tal, E. and Karaman, S.},
  date = {2021},
  eprint = {2107.02384},
  eprinttype = {arxiv},
  primaryclass = {cs.RO},
  archiveprefix = {arXiv}
}

@book{1990Linear,
  title = {Linear Controller Design:Limits of Performance},
  author = {Boyd, S. P.},
  date = {1990},
  publisher = {{Linear controller design:limits of performance}}
}

@book{Absil_2009,
  title = {Optimization {{Algorithms}} on {{Matrix Manifolds}}},
  author = {Absil, P.-A. and Mahony, R. and Sepulchre, Rodolphe},
  date = {2009},
  publisher = {{Princeton University Press}},
  url = {https://doi.org/10.1515/9781400830244},
  isbn = {978-1-4008-3024-4}
}

@article{Renduchintala_2019,
  title = {A Comprehensive Micro Unmanned Aerial Vehicle ({{UAV}}/{{Drone}}) Forensic Framework},
  author = {Renduchintala, Ankit and Jahan, Farha and Khanna, Raghav and Javaid, Ahmad Y.},
  journaltitle = {Digital Investigation},
  volume = {30},
  pages = {52--72},
  publisher = {{Elsevier}}
}

@thesis{milz2020design,
  title = {Design and Evaluation of a Unified Control Framework for Electric Vertical Take-off and Landing Vehicles},
  author = {Milz, Daniel},
  date = {2020},
  institution = {{Technical University of Munich}}
}
